<?xml version="1.0" encoding="UTF-8"?><record xmlns="http://www.loc.gov/MARC21/slim" xmlns:cinclude="http://apache.org/cocoon/include/1.0" xmlns:zs="http://www.loc.gov/zing/srw/">
  <leader>00513nz  a2200145n  4500</leader>
  <controlfield tag="001">no 96001160 </controlfield>
  <controlfield tag="003">DLC</controlfield>
  <controlfield tag="005">19960111061543.3</controlfield>
  <controlfield tag="008">960110n| acannaab|          |n aaa     c</controlfield>
  <datafield tag="010" ind1=" " ind2=" ">
    <subfield code="a">no 96001160 </subfield>
  </datafield>
  <datafield tag="035" ind1=" " ind2=" ">
    <subfield code="a">(OCoLC)oca03985643 </subfield>
  </datafield>
  <datafield tag="040" ind1=" " ind2=" ">
    <subfield code="a">GEU</subfield>
    <subfield code="c">GEU</subfield>
  </datafield>
  <datafield tag="100" ind1="1" ind2="0">
    <subfield code="a">Campbell, William,</subfield>
    <subfield code="d">1824-1886</subfield>
  </datafield>
  <datafield tag="670" ind1=" " ind2=" ">
    <subfield code="a">Materials for a history of the reign of Henry VII, Vol. I, 1873:</subfield>
    <subfield code="b">t.p. (Rev. William Campbell, M.A., one of Her Majesty's Inspectors of Schools)</subfield>
  </datafield>
  <datafield tag="670" ind1=" " ind2=" ">
    <subfield code="a">OCLC, 1/8/96</subfield>
    <subfield code="b">(hdg.: Campbell, William, 1824-1886)</subfield>
  </datafield>
</record>